@BOOK{Jacobson2009-pp,
  title     = "Basic Algebra {I}",
  author    = "Jacobson, Nathan",
  publisher = "Dover Publications",
  series    = "Dover Books on Mathematics",
  edition   =  2,
  month     =  jun,
  year      =  2009,
  address   = "Mineola, NY"
}
@INCOLLECTION{Aluffi2009-wb,
  booktitle     = "Graduate Studies in Mathematics",
  title = "Algebra: Chapter Zero",
  author    = "Aluffi, Paolo",
  publisher = "American Mathematical Society",
  series    = "Graduate studies in mathematics",
  month     =  jul,
  year      =  2009,
  address   = "Providence, Rhode Island"
}
@BOOK{Dummit2003-rj,
  title     = "Abstract Algebra",
  author    = "Dummit, David S and Foote, Richard M",
  publisher = "John Wiley \& Sons",
  edition   =  3,
  month     =  jun,
  year      =  2003,
  address   = "Nashville, TN",
  language  = "en"
}
@INCOLLECTION{Axler2015-in,
  title     = "Linear Algebra Done Right",
  booktitle = "Undergraduate Texts in Mathematics",
  author    = "Axler, Sheldon",
  publisher = "Springer International Publishing",
  year      =  2015,
  address   = "Cham"
}
@INCOLLECTION{Roman2008-rh,
  booktitle     = "Graduate Texts in Mathematics",
  title = "Advanced Linear Algebra",
  author    = "Roman, Steven",
  publisher = "Springer New York",
  year      =  2008,
  address   = "New York, NY"
}
@BOOK{Chevalley1995-fk,
  title     = "The algebraic theory of spinors and Clifford algebras",
  author    = "Chevalley, Claude C",
  editor    = "Cartier, Pierre and Chevalley, Catherine",
  publisher = "Springer",
  series    = "Collected works of Claude Chevalley",
  month     =  dec,
  year      =  1995,
  address   = "Berlin, Germany",
  language  = "en"
}

@BOOK{Conway2001-rn,
  title     = "On Quaternions and Octonions",
  author    = "Conway, John H and Smith, Derek A",
  publisher = "A K Peters",
  month     =  jul,
  year      =  2001,
  address   = "Natick, MA"
}
@BOOK{Reese_Harvey1990-fv,
  title     = "Spinors and Calibrations",
  author    = "Reese Harvey, Frank",
  publisher = "Academic Press",
  month     =  apr,
  year      =  1990,
  address   = "San Diego, CA"
}
@BOOK{Lawson1990-fd,
  title     = "Spin geometry ({PMS-38)}, volume 38",
  author    = "Lawson, Herbert Blaine and Michelsohn, Marie-Louise",
  publisher = "Princeton University Press",
  series    = "Princeton Mathematical Series",
  month     =  feb,
  year      =  1990,
  address   = "Princeton, NJ",
  language  = "en"
}
@book{Porteous1995-hp,
  title     = "Clifford Algebras and the Classical Groups",
  author    = "Porteous, Ian R",
  publisher = "Cambridge University Press",
  month     =  oct,
  year      =  1995,
  address   = "Cambridge"
}
@ARTICLE {cartan1893,
    author  = "Elie C\'artan",
    title   = "Sur la structure des groupes simples finis et continus",
    journal = "Comptes rendus de l'Académie des Sciences",
    year    = "1893",
    volume  = "116",
    pages   = "784–786"
}
@article{bryant1982submanifolds,
  title={Submanifolds and special structures on the octonians},
  author={Bryant, Robert L},
  journal={Journal of Differential Geometry},
  volume={17},
  number={2},
  pages={185--232},
  year={1982},
  publisher={Lehigh University}
}